% Encoding: UTF-8

@Article{Kutchko_2013,
  author    = {Katrina M. Kutchko and Flavio Fröhlich},
  title     = {Emergence of Metastable State Dynamics in Interconnected Cortical Networks with Propagation Delays},
  journal   = {{PLoS} Computational Biology},
  year      = {2013},
  volume    = {9},
  number    = {10},
  pages     = {e1003304},
  month     = {oct},
  doi       = {10.1371/journal.pcbi.1003304},
  editor    = {Viktor K. Jirsa},
  publisher = {Public Library of Science ({PLoS})},
}

@Article{Zaehle_2010,
  author    = {Tino Zaehle and Stefan Rach and Christoph S. Herrmann},
  title     = {Transcranial Alternating Current Stimulation Enhances Individual Alpha Activity in Human {EEG}},
  journal   = {{PLoS} {ONE}},
  year      = {2010},
  volume    = {5},
  number    = {11},
  pages     = {e13766},
  month     = {nov},
  doi       = {10.1371/journal.pone.0013766},
  editor    = {Andr{\'{e}} Aleman},
  publisher = {Public Library of Science ({PLoS})},
}

@Article{Guerra_2016,
  author    = {Andrea Guerra and Alek Pogosyan and Magdalena Nowak and Huiling Tan and Florinda Ferreri and Vincenzo Di Lazzaro and Peter Brown},
  title     = {Phase Dependency of the Human Primary Motor Cortex and Cholinergic Inhibition Cancelation During Beta {tACS}},
  journal   = {Cerebral Cortex},
  year      = {2016},
  volume    = {26},
  number    = {10},
  pages     = {3977--3990},
  month     = {aug},
  doi       = {10.1093/cercor/bhw245},
  publisher = {Oxford University Press ({OUP})},
}

@Article{Brittain_2013,
  author    = {John-Stuart Brittain and Penny Probert-Smith and Tipu~Z. Aziz and Peter Brown},
  title     = {Tremor Suppression by Rhythmic Transcranial Current Stimulation},
  journal   = {Current Biology},
  year      = {2013},
  volume    = {23},
  number    = {5},
  pages     = {436--440},
  month     = {mar},
  doi       = {10.1016/j.cub.2013.01.068},
  publisher = {Elsevier {BV}},
}

@Article{Raco_2016,
  author    = {Valerio Raco and Robert Bauer and Srikandarajah Tharsan and Alireza Gharabaghi},
  title     = {Combining {TMS} and {tACS} for Closed-Loop Phase-Dependent Modulation of Corticospinal Excitability: A Feasibility Study},
  journal   = {Frontiers in Cellular Neuroscience},
  year      = {2016},
  volume    = {10},
  month     = {may},
  doi       = {10.3389/fncel.2016.00143},
  publisher = {Frontiers Media {SA}},
}

@Article{Gundlach_2016,
  author    = {Christopher Gundlach and Matthias M. Müller and Till Nierhaus and Arno Villringer and Bernhard Sehm},
  title     = {Phasic Modulation of Human Somatosensory Perception by Transcranially Applied Oscillating Currents},
  journal   = {Brain Stimulation},
  year      = {2016},
  volume    = {9},
  number    = {5},
  pages     = {712--719},
  month     = {sep},
  doi       = {10.1016/j.brs.2016.04.014},
  publisher = {Elsevier {BV}},
}

@Article{Nakazono_2016,
  author    = {Hisato Nakazono and Katsuya Ogata and Tsuyoshi Kuroda and Shozo Tobimatsu},
  title     = {Phase and Frequency-Dependent Effects of Transcranial Alternating Current Stimulation on Motor Cortical Excitability},
  journal   = {{PLOS} {ONE}},
  year      = {2016},
  volume    = {11},
  number    = {9},
  pages     = {e0162521},
  month     = {sep},
  doi       = {10.1371/journal.pone.0162521},
  editor    = {Andrea Antal},
  publisher = {Public Library of Science ({PLoS})},
}

@Article{Schmidt_2014,
  author    = {Stephen L. Schmidt and Apoorva K. Iyengar and A. Alban Foulser and Michael R. Boyle and Flavio Fröhlich},
  title     = {Endogenous Cortical Oscillations Constrain Neuromodulation by Weak Electric Fields},
  journal   = {Brain Stimulation},
  year      = {2014},
  volume    = {7},
  number    = {6},
  pages     = {878--889},
  month     = {nov},
  doi       = {10.1016/j.brs.2014.07.033},
  publisher = {Elsevier {BV}},
}

@Article{Reato_2013,
  author    = {Davide Reato and Asif Rahman and Marom Bikson and Lucas C. Parra},
  title     = {Effects of weak transcranial alternating current stimulation on brain activity{\textemdash}a review of known mechanisms from animal studies},
  journal   = {Frontiers in Human Neuroscience},
  year      = {2013},
  volume    = {7},
  doi       = {10.3389/fnhum.2013.00687},
  publisher = {Frontiers Media {SA}},
}

@Article{Pogosyan_2009,
  author    = {Alek Pogosyan and Louise Doyle Gaynor and Alexandre Eusebio and Peter Brown},
  title     = {Boosting Cortical Activity at Beta-Band Frequencies Slows Movement in Humans},
  journal   = {Current Biology},
  year      = {2009},
  volume    = {19},
  number    = {19},
  pages     = {1637--1641},
  month     = {oct},
  doi       = {10.1016/j.cub.2009.07.074},
  publisher = {Elsevier {BV}},
}

@Article{Helfrich_2014,
  author    = {Randolph~F. Helfrich and Till~R. Schneider and Stefan Rach and Sina~A. Trautmann-Lengsfeld and Andreas~K. Engel and Christoph~S. Herrmann},
  title     = {Entrainment of Brain Oscillations by Transcranial Alternating Current Stimulation},
  journal   = {Current Biology},
  year      = {2014},
  volume    = {24},
  number    = {3},
  pages     = {333--339},
  month     = {feb},
  doi       = {10.1016/j.cub.2013.12.041},
  publisher = {Elsevier {BV}},
}

@Article{Noury_2016,
  author    = {Nima Noury and Joerg F. Hipp and Markus Siegel},
  title     = {Physiological processes non-linearly affect electrophysiological recordings during transcranial electric stimulation},
  journal   = {{NeuroImage}},
  year      = {2016},
  volume    = {140},
  pages     = {99--109},
  month     = {oct},
  doi       = {10.1016/j.neuroimage.2016.03.065},
  publisher = {Elsevier {BV}},
}

@Article{Niazy_2005,
  author    = {R.K. Niazy and C.F. Beckmann and G.D. Iannetti and J.M. Brady and S.M. Smith},
  title     = {Removal of {FMRI} environment artifacts from {EEG} data using optimal basis sets},
  journal   = {{NeuroImage}},
  year      = {2005},
  volume    = {28},
  number    = {3},
  pages     = {720--737},
  month     = {nov},
  doi       = {10.1016/j.neuroimage.2005.06.067},
  publisher = {Elsevier {BV}},
}

@InProceedings{Kohli_2015,
  author    = {Siddharth Kohli and Alexander J. Casson},
  title     = {Removal of Transcranial a.c. Current Stimulation artifact from simultaneous {EEG} recordings by superposition of moving averages},
  booktitle = {2015 37th Annual International Conference of the {IEEE} Engineering in Medicine and Biology Society ({EMBC})},
  year      = {2015},
  month     = {aug},
  publisher = {{IEEE}},
  doi       = {10.1109/embc.2015.7319131},
}

@Article{Neuling_2017,
  author    = {Toralf Neuling and Philipp Ruhnau and Nathan Weisz and Christoph S. Herrmann and Gianpaolo Demarchi},
  title     = {Faith and oscillations recovered: On analyzing {EEG}/{MEG} signals during {tACS}},
  journal   = {{NeuroImage}},
  year      = {2017},
  volume    = {147},
  pages     = {960--963},
  month     = {feb},
  doi       = {10.1016/j.neuroimage.2016.11.022},
  publisher = {Elsevier {BV}},
}

@Comment{jabref-meta: databaseType:bibtex;}
